%% ----------------------------------------------------------------
%% ECS.bib
%% ---------------------------------------------------------------- 

@online{Pirobot,
author = {Patrick Goebel},
title = {Robot Cartography: ROS + SLAM},
year = {2012},
url = {http://www.pirobot.org/blog/0015/},
}

@manual{SCCB_Interface,
author = {OmniVision},
title = {OmniVision Serial Camera Control Bus (SCCB) Functional Specification},
year = {2007},
url = {http://www.ovt.com/download_document.php?type=document&DID=63},
}

@manual{I2C_Mux,
author = {Phillips},
title = {PCA9542A : 2-channel I2C-bus multiplexer and interrupt logic},
year = {2009},
url = {http://www.nxp.com/documents/data_sheet/PCA9542A.pdf},
}